% Example reference
@book{neil2012,
  title={Practical Vim},
  author={Neil, Drew},
  year={2012},
  publisher={New York: Oâ€™Reilly}
}
